
@phdthesis{vanbelle,
  author  = "Lucas Van Belle",
  title   = "Vibro-acoustic performance of locally resonant metamaterials with damping",
  school  = "Le Mans Universite",
  year    = "2019"
}

@mastersthesis{kosir,
  author  = "Tilen Košir",
  title   = "Uporaba vibroakustičnih metamaterialov v strukturno dinamiki za nižanje ravni hrupa",
  school  = "Univerza v Ljubljani, Fakulteta za strojništvo",
  year    = "2020"
}

@online{abhipod,
  author = {Abhijit Poddar},
  title = "Brillouin zones",
  year = 2007,
  url = {http://www.abhipod.com/researchpage/UGCMRP_05_06_ForWeb/elearningnode14.html},
  urldate = {2022-12-26}
}

@mastersthesis{ville,
  author  = "Ville Jämsä",
  title   = "Implementation of a 2D beam element to JuliaFEM",
  school  = "University of Oulu, TEKNILLINEN TIEDEKUNTA",
  year    = "2018",
  type  = {Diplomsko delo}
}

@online{ansys,
  author = "Ansys",
  title = "Ansys programski paket",
  year = 2007,
  url = {https://www.ansys.com},
  urldate = {2022-12-26}
}

@online{solidworks,
  author = "Solidworks",
  title = "Solidworks programski paket",
  year = 2007,
  url = {https://www.solidworks.com},
  urldate = {2022-12-26}
}

